@article{ueda2015,
author = "Ryuichi Ueda",
title = "{Generation of Compensation Behavior of Autonomous Robot for Uncertainty of Information with Probabilistic Flow Control}",
journal = "Advanced Robotics",
volume = "29",
number = 11,
pages = "721-734",
doi = "10.1080/01691864.2015.1009943",
year = "2015"
}

@inproceedings{dellaert1999,
author = "Frank Dellaert and Dieter Fox and Wolfram Burgard and Sebastian Thrun",
title = "{Monte Carlo Localization for Mobile Robots}",
booktitle = "Proc. of IEEE International Conference on Robotics and Automation (ICRA99)",
pages = "1322-1328",
year = "1999"
}

@inproceedings{fox1999,
author = "Dieter Fox and Wolfram Burgard and Frank Dellaert and Sebastian Thrun",
title = "{Monte Carlo Localization: Efficient Position Estimation for Mobile Robots}",
booktitle = "Proc. of AAAI-99",
pages = "343-349",
year = "1999"
}

@book{thrun2005,
author = "Sebastian Thrun and Wolfram Burgard and Dieter Fox",
title = "{Probabilistic ROBOTICS}",
publisher = "MIT Press",
year = 2005
}

@book{上田2007prob,
  author    = "Sebastian Thrun and Wolfram Burgard and Dieter Fox (著) and 上田 隆一 (訳)",
  title     = "確率ロボティクス",
  publisher = "毎日コミュニケーションズ",
  year      = "2007"
}

@misc{roswiki_amcl,
author = "{Open Source Robotics Foundation}",
title = "{amcl | ROS Wiki}",
howpublished = "{http://wiki.ros.org/amcl}",
note="(visited on 2018-06-12)"
}

@article{夏迫2016つくばチャレンジ,
  title={つくばチャレンジ 2016 における千葉工業大学ロボット設計制御研究室の取り組み},
  author={夏迫 and 井上 and 寺戸 and 天野 and 久保田 and 後藤 and 塩谷 and 嶋村 and 長島 and 上田 and others},
  journal={第 17 回計測自動制御学会システムインテグレーション部門講演会, 1B2-3},
  year={2016}
}

@inproceedings{roy1999b,
   author = "Nicholas Roy and Wolfram Burgard and Dieter Fox and Sebastian Thrun",
   title = "{Coastal Navigation - Mobile Robot Navigation with Uncertainty in Dynamic Environments}",
   booktitle = "Proc. of IEEE ICRA",
pages= "35-40",
   year = "1999"
}

@inproceedings{littman1995,
author = "Michael L. Littman and Anthony R. Cassandra and Leslie Pack Kaelbling",
title = "{Learning Policies for Partially Observable Environments: Scaling Up}",
booktitle = "Proceedings of the Twelfth International Conference on Machine Learning",
pages = "362-370",
year = 1995
}

@inproceedings{ueda2003iros,
author = "Ryuichi Ueda and Tamio Arai and Kazunori Asanuma and Shogo Kamiya and Kazunori Umeda",
title = "{Mobile Robot Navigation based on Expected State Value under Uncertainty of Self-localization}",
booktitle = "Proc. of IROS",
pages = "473-478",
year = 2003
}

@inproceedings{ueda2018searching,
  title={Searching Behavior of a Simple Manipulator Only with Sense of Touch Generated by Probabilistic Flow Control},
  author={Ueda, Ryuichi},
  booktitle={2018 IEEE International Conference on Robotics and Biomimetics (ROBIO)},
  pages={594--599},
  year={2018},
  organization={IEEE}
}

@inproceedings{quigley2009ros,
  title={ROS: an open-source Robot Operating System},
  author={Quigley, Morgan and Conley, Ken and Gerkey, Brian and Faust, Josh and Foote, Tully and Leibs, Jeremy and Wheeler, Rob and Ng, Andrew Y},
  booktitle={ICRA workshop on open source software},
  volume={3},
  number={3.2},
  pages={5},
  year={2009},
  organization={Kobe, Japan}
}

@article{kalman1960,
author = "Kalman, R.E.",
title = "{A new approach to linear filtering and prediction problems}",
journal = "Trans. ASME, Journal of Basic Engineering",
volume = 82,
pages = "35-45",
year=1960
}

@article{kaelbling1998,
author = "L.P. Kaelbling and M.L. Littman and A.R. Cassandra",
title = "{Planning and acting in partially observable stochastic domains}",
journal = "Artificial Intelligence",
volume = 101,
number = "1-2",
pages = "99-134",
year = 1998
}
